@INPROCEEDINGS{ViolaJon,
    author = {Paul Viola and Michael Jones},
    title = {Robust Real-time Object Detection},
    booktitle = {International Journal of Computer Vision},
    year = {2001}
}

@ARTICLE{655647,
author={Rowley, H.A. and Baluja, S. and Kanade, T.},
journal={Pattern Analysis and Machine Intelligence, IEEE Transactions on}, title={Neural network-based face detection},
year={1998},
month=jan,
volume={20},
number={1},
pages={23 -38},
keywords={accuracy;bootstrap algorithm;detection rates;false detections;false-positive rates;neural network-based upright frontal face detection system;retinally connected neural network;computer vision;face recognition;filtering theory;image processing equipment;neural nets;},
doi={10.1109/34.655647},
ISSN={0162-8828},}

@INPROCEEDINGS{RealTimeFaceDetection,
author={Liying Lang and Weiwei Gu},
booktitle={Electronic Commerce and Security, 2009. ISECS '09. Second International Symposium on}, title={Study of Face Detection Algorithm for Real-time Face Detection System},
year={2009},
month=may,
volume={2},
number={},
pages={129 -132},
keywords={AdaBoost face detection algorithm;face database;feature subspace;multi classifier cascade face detection algorithm;real-time face detection system;face recognition;object detection;pattern classification;},
doi={10.1109/ISECS.2009.237},
ISSN={},}

@INPROCEEDINGS{ImprovedAdaboostFaceDetection,
author={Songyan Ma and Tiancang Du},
booktitle={Measuring Technology and Mechatronics Automation (ICMTMA), 2010 International Conference on}, title={Improved Adaboost Face Detection},
year={2010},
month=march,
volume={2},
number={},
pages={434 -437},
keywords={color image segmentation;color test detection time;facial skin color;improved Adaboost face detection;statistical characteristics;face recognition;image colour analysis;image segmentation;statistical analysis;},
doi={10.1109/ICMTMA.2010.184},
ISSN={},}

@INPROCEEDINGS{FacialFeatHumanRobo,
author={ Taigun Lee and Sung-Kee Park and Mignon Park},
booktitle={Robotics and Automation, 2005. ICRA 2005. Proceedings of the 2005 IEEE International Conference on}, title={A New Facial Features and Face Detection Method for Human-Robot Interaction},
year={2005},
month=april,
volume={},
number={},
pages={ 2063 - 2068},
keywords={ directional template; edge-like blob map ; facial features and face detection ; human-robot interaction ;},
doi={10.1109/ROBOT.2005.1570417},
ISSN={},}

@INPROCEEDINGS{RealTimeFeatureExtraction,
author={De Silva, L.C. and Suen Chun Hui},
booktitle={Information, Communications and Signal Processing, 2003 and the Fourth Pacific Rim Conference on Multimedia. Proceedings of the 2003 Joint Conference of the Fourth International Conference on}, title={Real-time facial feature extraction and emotion recognition},
year={2003},
month=dec.,
volume={3},
number={},
pages={ 1310 - 1314 vol.3},
keywords={ Carnegie Mellon University face database; edge counting technique; edge focusing algorithm; facial emotion recognition system; global motion cancellation; image-correlation optical flow technique; motion vector; neural network; real-time facial feature extraction; edge detection; emotion recognition; face recognition; feature extraction; image resolution; neural nets; real-time systems;},
doi={10.1109/ICICS.2003.1292676},
ISSN={ },}

@INPROCEEDINGS{FuzzyEmoModel,
author={Esau, N. and Wetzel, E. and Kleinjohann, L. and Kleinjohann, B.},
booktitle={Fuzzy Systems Conference, 2007. FUZZ-IEEE 2007. IEEE International}, title={Real-Time Facial Expression Recognition Using a Fuzzy Emotion Model},
year={2007},
month=july,
volume={},
number={},
pages={1 -6},
keywords={emotion recognition system;fuzzy classification;image processing;optical tracking;real-time facial expression recognition;video sequence;emotion recognition;face recognition;fuzzy reasoning;fuzzy set theory;image classification;image sequences;optical tracking;video signal processing;},
doi={10.1109/FUZZY.2007.4295451},
ISSN={1098-7584},}

@INPROCEEDINGS{FacialExprRecogIntegratedApproach,
author={Volenti, R. and Sebe, N. and Gevers, T.},
booktitle={Image Analysis and Processing Workshops, 2007. ICIAPW 2007. 14th International Conference on}, title={Facial Expression Recognition: A Fully Integrated Approach},
year={2007},
month=sept.,
volume={},
number={},
pages={125 -130},
keywords={automated system;expression classification;facial expression information;facial expression recognition;facial features extraction;image segmentation;emotion recognition;face recognition;feature extraction;image classification;image segmentation;},
doi={10.1109/ICIAPW.2007.25},
ISSN={},}

